<record><leader>00000cas a22000007a 4500</leader><controlfield tag="001">32571334</controlfield><controlfield tag="008">950530d19791987nyuwr ne      0   a0eng d</controlfield><datafield ind1=" " ind2=" " tag="010"><subfield code="a">sn 95071223 </subfield></datafield><datafield ind1=" " ind2=" " tag="040"><subfield code="a">NYS</subfield><subfield code="b">eng</subfield><subfield code="c">NYS</subfield><subfield code="d">OCLCQ</subfield></datafield><datafield ind1=" " ind2=" " tag="042"><subfield code="a">msc</subfield></datafield><datafield ind1="0" ind2="4" tag="245"><subfield code="a">The Malverne Lynbrook community times.</subfield></datafield><datafield ind1=" " ind2=" " tag="260"><subfield code="a">Malverne, N.Y. :</subfield><subfield code="b">David G. Walsh</subfield></datafield><datafield ind1=" " ind2=" " tag="300"><subfield code="a">v.</subfield></datafield><datafield ind1=" " ind2=" " tag="310"><subfield code="a">Weekly</subfield></datafield><datafield ind1="0" ind2=" " tag="362"><subfield code="a">Vol. 6. no. 43 (Aug. 9, 1979)-v. 15, no 22 (Mar. 26, 1987).</subfield></datafield><datafield ind1=" " ind2="4" tag="651"><subfield code="a">Malverne (N.Y.)</subfield><subfield code="v">Newspapers.</subfield></datafield><datafield ind1=" " ind2="4" tag="651"><subfield code="a">Lynbrook (N.Y.)</subfield><subfield code="v">Newspapers.</subfield></datafield><datafield ind1=" " ind2="4" tag="651"><subfield code="a">Nassau County (N.Y.)</subfield><subfield code="v">Newspapers.</subfield></datafield><datafield ind1=" " ind2=" " tag="752"><subfield code="a">United States</subfield><subfield code="b">New York</subfield><subfield code="c">Nassau</subfield><subfield code="d">Malverne.</subfield></datafield><datafield ind1=" " ind2=" " tag="752"><subfield code="a">United States</subfield><subfield code="b">New York</subfield><subfield code="c">Nassau</subfield><subfield code="d">Lynbrook.</subfield></datafield><datafield ind1="0" ind2="0" tag="780"><subfield code="t">Malverne times</subfield><subfield code="w">(DLC)sn 95071222</subfield><subfield code="w">(OCoLC)32571253</subfield></datafield><datafield ind1="0" ind2="0" tag="785"><subfield code="t">Malverne community times</subfield><subfield code="w">(DLC)sn 95071224</subfield><subfield code="w">(OCoLC)32571401</subfield></datafield><datafield ind1="1" ind2=" " tag="029"><subfield code="a">AU@</subfield><subfield code="b">000011869093</subfield></datafield></record>